
@InProceedings{Llort:IPTW14,
  Title                    = {Studying Performance Changes with Tracking Analysis},
  Author                   = {Llort, Germ\'{a}n and Servat, Harald and Gonz\'{a}lez, Juan and Gim{\'e}nez, Judit and Labarta, Jes\'{u}s},
  Booktitle                = {Proceedings of International Parallel Tools Workshop},
  Year                     = {2014},

  Address                  = {Stuttgart, Germany},
  Series                   = {IPTW'14},

  Acmid                    = {2503267},
  Articleno                = {29},
  ISBN                     = {978-1-4503-2378-9},
  Keywords                 = {clustering, object tracking, performance analysis, tracing},
  Location                 = {Denver, Colorado},
  Numpages                 = {11},
  Owner                    = {gllort},
  Timestamp                = {2015.02.04}
}

@Misc{BSCTools,
  Title                    = {{BSC T}ools},
  HowPublished             = {\url{http://www.bsc.es/paraver}},

  Owner                    = {gllort},
  Timestamp                = {2009.07.01}
}

